@article{chaudhary_liu_matta_yang_2005, title={Parallel Implementations of Local Sequence Alignment: Hardware and Software}, DOI={10.1002/0471756504.ch10}, journal={Parallel Computing for Bioinformatics and Computational Biology}, author={Chaudhary, Vipin and Liu, Feng and Matta, Vijay and Yang, Laurence T.}, year={2005}, pages={233–264}}

@article{naveed_siddiqui_ahmed, title={Parallel Needleman-Wunsch Algorithm for Grid}, author={Naveed, Tahir and Siddiqui, Imitaz Saeed and Ahmed, Shaftab}}

@article{global_alignment, title={Global alignment of two sequences - Needleman-Wunsch Algorithm}, url={https://vlab.amrita.edu/index.php?sub=3\&brch=274\&sim=1431\&cnt=1}, journal={Amrita}}}

@article{settles_2008, title={Lecture 2: Sequence Alignment}, url={http://pages.cs.wisc.edu/~bsettles/ibs08/lectures/02-alignment.pdf}, journal={University of Wisconsin-Madison}, author={Settles, Burr}, year={2008}}

@article{vladimir, title={The Needleman-Wunsch algorithm for sequence alignment}, url={https://www.cs.sjsu.edu/~aid/cs152/NeedlemanWunsch.pdf}, journal={SJSU}, author={Likic Vladimir}}

@article{musso, title={Sequence Alignment (Needleman-Wunsch, Smith-Waterman)}, url={https://www.cs.utoronto.ca/~brudno/bcb410/lec2notes.pdf}, journal={University of Toronto}, author={Musso, Gabe}}

@article{hirschberg_1975, title={A linear space algorithm for computing maximal common subsequences}, volume={18}, DOI={10.1145/360825.360861}, number={6}, journal={Communications of the ACM}, author={Hirschberg, D. S.}, year={1975}, pages={341–343}}

@article{edit_distance_revisited, title={Hirschberg's Algorithm: Edit-Distance Revisited}, url={http://users.monash.edu/~lloyd/tildeAlgDS/Dynamic/Hirsch/}, journal={Monash University}}